@manual{accel,
  author       = {Doscher James},
  organization = {Analog Devices},
  title        = {Accelerometer Design and Applications},
  year         = 2008,
  month        = 12,
  note         = {Archived from the original on 13 December 2008.},
  url          = {https://web.archive.org/web/20081213001559/http://www.analog.com/en/technical-library/faqs/design-center/faqs/CU_faq_MEMs/resources/fca.html#2a},
  urldate      = {2021-03-10}
}

@online{ams1117,
  organization = {Advanced Monolithic Systems, Inc.},
  title        = {AMS1117},
  subtitle     = {1A LOW DROPOUT VOLTAGE REGULATOR},
  url          = {http://www.advanced-monolithic.com/pdf/ds1117.pdf},
  urldate      = {2021-03-10}
}

@manual{atmega,
  title        = {8-bit AVR Microcontroller with 4/8/16/32 K Bytes In-System Programmable Flash},
  organization = {Atmel},
  version      = {8025I–AVR–02/09},
  year         = 2009,
  month        = 02,
  url          = {https://www.sparkfun.com/datasheets/Components/SMD/ATMega328.pdf},
  urldate      = {2021-03-10}
}

@online{avakar,
  title   = {Avakar protocol},
  url     = {https://technika.tasemnice.eu/trac/wiki/communicationProtocols},
  urldate = {2021-03-10}
}

@online{fc-51,
  title   = {Infračervený senzor vzdálenosti},
  url     = {https://artofcircuits.com/product/infrared-obstacle-avoidance-proximity-sensors-module-fc-51},
  urldate = {2021-03-10}
}

@online{gyro,
  organization = {elprocus},
  title        = {Gyroscope sensor},
  url          = {https://www.elprocus.com/gyroscope-sensor/},
  urldate      = {2021-03-10}
}

@patent{gyro-2,
  title     = {Environmentally robust disc resonator gyroscope},
  author    = {Howard, H Ge and Challoner, A Dorian},
  location  = {USA},
  number    = {US8393212},
  date      = {03-12-2013},
  publisher = {Google Patents}
}

@manual{hc-sr04,
  organization = {ITead Studios},
  title        = {Ultrasonic ranging module : HC-SR04},
  year         = 2010,
  month        = 11,
  day          = 3,
  url          = {https://www.electroschematics.com/wp-content/uploads/2013/07/HC-SR04-datasheet-version-2.pdf},
  urldate      = {2021-03-10}
}

@online{htc,
  title   = {Base station HTC Vive 2},
  url     = {https://www.vive.com/us/accessory/base-station2/},
  urldate = {2021-03-10}
}

@online{master,
  title   = {Janus master},
  url     = {https://github.com/haberturdeur/Janus_master_library},
  urldate = {2021-03-10}
}

@online{modbus,
  title   = {Modbus.org},
  url     = {http://www.modbus.org},
  urldate = {2021-03-10}
}

@manual{mpu6050,
  organization = {InvenSense},
  title        = {MPU-6000/MPU-6050 Product Specification},
  year         = 2013,
  month        = 8,
  day          = 19,
  number       = {PS-MPU-6000A-00},
  url          = {https://www.invensense.com/wp-content/uploads/2015/02/MPU-6000-Datasheet1.pdf},
  urldate      = {2021-03-10},
  version      = {3.4}
}

@manual{nxp:AN2847,
  organization = {NXP Semiconductors},
  title        = {Using the Serial Peripheral Interface (SPI) eTPU Function},
  number       = {AN2847},
  author       = {Jenifer Scott and Geoff Emerson},
  year         = 2004,
  month        = 10,
  version      = {0},
  url          = {https://www.nxp.com/docs/en/application-note/AN2847.pdf},
  urldate      = {2021-03-10}
}

@manual{nxp:UM10204,
  organization = {NXP Semiconductors},
  title        = {I$^{2}$C-bus specification and user manual},
  number       = {UM10204},
  year         = 2014,
  month        = 4,
  day          = 4,
  version      = {6},
  url          = {https://www.nxp.com/docs/en/user-guide/UM10204.pdf},
  urldate      = {2021-03-10}
}

@manual{one-wire,
  organization = {Maxim Integrated},
  title        = {Overview of 1-Wire Technology and Its Use},
  number       = {TUTORIAL 1796},
  author       = {Bernhard Linke, Principal Member Technical Staff},
  year         = 2008,
  month        = 6,
  url          = {https://pdfserv.maximintegrated.com/en/an/Overview_1wire_Technology_use.pdf},
  urldate      = {2021-03-10}
}

@online{pixy,
  title   = {Pixy},
  url     = {https://pixycam.com/pixy-cmucam5/},
  urldate = {2021-03-10}
}

@online{Prague-robotic-day,
  author  = {Univerzita Karlova, Matematicko-fyzikální fakulta},
  title   = {Pražský robotický den},
  url     = {http://robotickyden.cz},
  urldate = {2021-03-10}
}

@online{protocol,
  author  = {Tomáš Rohlínek},
  title   = {Janus decoder},
  url     = {https://github.com/haberturdeur/Janus_decoder_lib},
  urldate = {2021-03-10}
}

@online{roadside,
  title   = {Roadside Assistance Advanced 2020},
  url     = {http://robotickyden.cz/2020/rules/2020-Roadside_Assistance-CZv1.pdf},
  urldate = {2021-03-10},
  version = {1}
}

@online{robotarna,
  title   = {Robotárna, pobočka DDM Helceletova Brno},
  url     = {https://helceletka.cz/robotarna/},
  urldate = {2021-03-10}
}

@online{Robotiada,
  title   = {Robotiáda},
  url     = {http://www.robotiada.cz},
  urldate = {2021-03-10}
}

@online{robotikabrno,
  title   = {Robotika Brno},
  url     = {https://robotikabrno.cz},
  urldate = {2021-03-10}
}

@manual{RS-232,
  title        = {Fundamentals of RS–232 Serial Communications},
  organization = {Dallas Semiconductor},
  year         = 1998,
  month        = 03,
  note         = {Application Note 83. Archived (PDF) from the original on 2017-03-05. Retrieved 2017-03-05},
  urldate      = {2017-03-05}
}

@manual{RS-485,
  title        = {MAX481/MAX483/MAX485/MAX487–MAX491/MAX1487 Low-Power, Slew-Rate-Limited RS-485/RS-422 Transceivers},
  organization = {Maxim Integrated},
  year         = 2014,
  month        = 9,
  number       = {19-0122},
  note         = {Rev 10},
  url          = {https://datasheets.maximintegrated.com/en/ds/MAX1487-MAX491.pdf},
  urldate      = {2021-03-10}
}

@online{sigrok,
  title   = {Sigrok.org},
  url     = {https://sigrok.org},
  urldate = {2021-03-10}
}

@online{slave,
  author  = {Tomáš Rohlínek},
  title   = {Janus slave},
  url     = {https://github.com/haberturdeur/Janus_slave_library},
  urldate = {2021-03-10}
}

@online{sokolska,
  title        = {Střední průmyslová škola a Vyšší odborná škola Brno, Sokolská, příspěvková organizace},
  organization = {Střední průmyslová škola a Vyšší odborná škola Brno, Sokolská, příspěvková organizace},
  url          = {http://sokolska.cz/},
  urldate      = {2021-03-10}
}

@online{steam,
  title   = {SteamVR tracking},
  url     = {https://partner.steamgames.com/vrlicensing#Tracking},
  urldate = {2021-03-10}
}

